Trade_Time,Price_USD,Volume_BTC,Symbol
2025-09-30 00:28:57.963,114098.5,0.002,BTCUSDT
2025-09-30 00:28:58.048,114098.5,0.025,BTCUSDT
2025-09-30 00:28:58.144,114098.4,0.002,BTCUSDT
2025-09-30 00:28:58.204,114098.4,0.001,BTCUSDT
2025-09-30 00:28:58.429,114098.4,0.006,BTCUSDT
2025-09-30 00:28:58.457,114098.4,0.001,BTCUSDT
2025-09-30 00:28:58.459,114098.5,0.001,BTCUSDT
2025-09-30 00:28:58.712,114098.5,0.05,BTCUSDT
2025-09-30 00:28:58.881,114098.4,0.013,BTCUSDT
2025-09-30 00:28:59.158,114098.4,0.001,BTCUSDT
2025-09-30 00:28:59.603,114098.4,0.001,BTCUSDT
2025-09-30 00:28:59.628,114098.5,0.05,BTCUSDT
2025-09-30 00:29:00.269,114098.4,0.001,BTCUSDT
2025-09-30 00:29:00.400,114098.4,0.001,BTCUSDT
2025-09-30 00:29:00.400,114098.4,0.001,BTCUSDT
2025-09-30 00:29:00.488,114098.5,0.001,BTCUSDT
2025-09-30 00:29:00.655,114098.5,0.001,BTCUSDT
2025-09-30 00:29:00.730,114098.5,0.036,BTCUSDT
2025-09-30 00:29:00.730,114098.5,0.001,BTCUSDT
2025-09-30 00:29:00.730,114098.5,0.013,BTCUSDT
2025-09-30 00:29:01.681,114098.5,0.136,BTCUSDT
2025-09-30 00:29:01.681,114098.5,0.001,BTCUSDT
2025-09-30 00:29:01.681,114098.5,0.078,BTCUSDT
2025-09-30 00:29:01.723,114098.4,0.001,BTCUSDT
2025-09-30 00:29:01.742,114098.5,0.049,BTCUSDT
2025-09-30 00:29:01.857,114098.5,0.023,BTCUSDT
2025-09-30 00:29:01.861,114098.5,0.092,BTCUSDT
2025-09-30 00:29:01.874,114098.5,0.021,BTCUSDT
2025-09-30 00:29:01.874,114098.5,0.066,BTCUSDT
2025-09-30 00:29:01.874,114098.5,0.059,BTCUSDT
2025-09-30 00:29:01.879,114098.5,0.098,BTCUSDT
2025-09-30 00:29:01.879,114098.5,0.001,BTCUSDT
2025-09-30 00:29:01.879,114098.5,0.006,BTCUSDT
2025-09-30 00:29:01.879,114098.5,0.002,BTCUSDT
2025-09-30 00:29:01.879,114098.5,0.006,BTCUSDT
2025-09-30 00:29:01.879,114098.5,0.002,BTCUSDT
2025-09-30 00:29:01.879,114098.5,0.002,BTCUSDT
2025-09-30 00:29:01.879,114098.5,0.002,BTCUSDT
2025-09-30 00:29:01.879,114098.5,0.002,BTCUSDT
2025-09-30 00:29:01.879,114098.5,0.002,BTCUSDT
2025-09-30 00:29:01.879,114098.5,0.002,BTCUSDT
2025-09-30 00:29:01.879,114098.5,0.002,BTCUSDT
2025-09-30 00:29:01.879,114098.5,0.062,BTCUSDT
2025-09-30 00:29:01.892,114098.5,0.015,BTCUSDT
2025-09-30 00:29:01.892,114098.5,0.01,BTCUSDT
2025-09-30 00:29:01.892,114098.5,0.001,BTCUSDT
2025-09-30 00:29:01.892,114098.5,0.003,BTCUSDT
2025-09-30 00:29:01.892,114098.5,0.3,BTCUSDT
2025-09-30 00:29:01.892,114098.5,0.007,BTCUSDT
2025-09-30 00:29:01.892,114098.5,0.001,BTCUSDT
2025-09-30 00:29:01.892,114098.5,0.235,BTCUSDT
2025-09-30 00:29:01.892,114098.5,0.235,BTCUSDT
2025-09-30 00:29:01.892,114098.5,0.043,BTCUSDT
2025-09-30 00:29:01.892,114098.5,0.15,BTCUSDT
2025-09-30 00:29:01.893,114098.5,0.01,BTCUSDT
2025-09-30 00:29:01.893,114098.5,0.116,BTCUSDT
2025-09-30 00:29:01.940,114098.4,0.022,BTCUSDT
2025-09-30 00:29:01.940,114098.4,0.064,BTCUSDT
2025-09-30 00:29:02.028,114098.4,0.002,BTCUSDT
2025-09-30 00:29:02.158,114098.5,0.001,BTCUSDT
2025-09-30 00:29:02.601,114098.4,0.001,BTCUSDT
2025-09-30 00:29:02.802,114098.5,0.049,BTCUSDT
2025-09-30 00:29:03.015,114098.4,0.001,BTCUSDT
2025-09-30 00:29:03.316,114098.5,0.001,BTCUSDT
2025-09-30 00:29:03.341,114098.5,0.001,BTCUSDT
2025-09-30 00:29:03.518,114098.5,0.001,BTCUSDT
2025-09-30 00:29:03.727,114098.5,0.049,BTCUSDT
2025-09-30 00:29:03.870,114098.5,0.001,BTCUSDT
2025-09-30 00:29:03.870,114098.5,0.003,BTCUSDT
2025-09-30 00:29:03.977,114098.4,0.01,BTCUSDT
2025-09-30 00:29:04.027,114098.5,0.002,BTCUSDT
2025-09-30 00:29:04.185,114098.5,0.005,BTCUSDT
2025-09-30 00:29:04.185,114098.5,0.001,BTCUSDT
2025-09-30 00:29:04.836,114098.5,0.001,BTCUSDT
2025-09-30 00:29:04.836,114098.5,0.006,BTCUSDT
2025-09-30 00:29:04.836,114098.5,0.042,BTCUSDT
2025-09-30 00:29:05.423,114098.4,0.001,BTCUSDT
2025-09-30 00:29:05.441,114098.5,0.001,BTCUSDT
2025-09-30 00:29:05.495,114098.4,0.077,BTCUSDT
2025-09-30 00:29:05.611,114098.5,0.031,BTCUSDT
2025-09-30 00:29:05.676,114098.5,0.017,BTCUSDT
2025-09-30 00:29:05.853,114098.5,0.049,BTCUSDT
2025-09-30 00:29:05.970,114098.5,0.014,BTCUSDT
2025-09-30 00:29:06.069,114098.4,0.033,BTCUSDT
2025-09-30 00:29:06.409,114098.5,0.001,BTCUSDT
2025-09-30 00:29:06.866,114098.5,0.049,BTCUSDT
2025-09-30 00:29:07.101,114098.4,0.039,BTCUSDT
2025-09-30 00:29:07.101,114098.4,0.001,BTCUSDT
2025-09-30 00:29:07.101,114098.4,0.001,BTCUSDT
2025-09-30 00:29:07.101,114098.4,0.001,BTCUSDT
2025-09-30 00:29:07.101,114098.4,0.11,BTCUSDT
2025-09-30 00:29:07.101,114098.4,0.001,BTCUSDT
2025-09-30 00:29:07.101,114098.4,0.022,BTCUSDT
2025-09-30 00:29:07.141,114098.5,0.005,BTCUSDT
2025-09-30 00:29:07.590,114098.5,0.003,BTCUSDT
2025-09-30 00:29:07.840,114098.5,0.02,BTCUSDT
2025-09-30 00:29:07.840,114098.5,0.002,BTCUSDT
2025-09-30 00:29:07.840,114098.5,0.026,BTCUSDT
2025-09-30 00:29:08.055,114098.5,0.035,BTCUSDT
2025-09-30 00:29:08.055,114098.5,0.005,BTCUSDT
2025-09-30 00:29:08.055,114098.5,0.002,BTCUSDT
2025-09-30 00:29:08.055,114098.5,0.003,BTCUSDT
2025-09-30 00:29:08.055,114098.5,0.003,BTCUSDT
2025-09-30 00:29:08.055,114098.5,0.006,BTCUSDT
2025-09-30 00:29:08.055,114098.5,0.001,BTCUSDT
2025-09-30 00:29:08.055,114098.5,0.044,BTCUSDT
2025-09-30 00:29:08.055,114098.5,0.001,BTCUSDT
2025-09-30 00:29:08.055,114098.5,0.013,BTCUSDT
2025-09-30 00:29:08.055,114098.5,0.001,BTCUSDT
2025-09-30 00:29:08.055,114098.5,0.002,BTCUSDT
2025-09-30 00:29:08.055,114098.5,0.104,BTCUSDT
2025-09-30 00:29:08.154,114098.5,0.02,BTCUSDT
2025-09-30 00:29:08.369,114098.5,0.001,BTCUSDT
2025-09-30 00:29:08.468,114098.5,0.001,BTCUSDT
2025-09-30 00:29:08.524,114098.5,0.001,BTCUSDT
2025-09-30 00:29:08.744,114098.4,0.001,BTCUSDT
2025-09-30 00:29:08.937,114098.5,0.048,BTCUSDT
2025-09-30 00:29:09.922,114098.5,0.003,BTCUSDT
2025-09-30 00:29:09.922,114098.5,0.001,BTCUSDT
2025-09-30 00:29:09.922,114098.5,0.021,BTCUSDT
2025-09-30 00:29:09.922,114098.5,0.023,BTCUSDT
2025-09-30 00:29:10.134,114098.5,0.02,BTCUSDT
2025-09-30 00:29:10.134,114098.5,0.007,BTCUSDT
2025-09-30 00:29:10.134,114098.5,0.002,BTCUSDT
2025-09-30 00:29:10.134,114098.5,0.002,BTCUSDT
2025-09-30 00:29:10.134,114098.5,0.003,BTCUSDT
2025-09-30 00:29:10.134,114098.5,0.007,BTCUSDT
2025-09-30 00:29:10.134,114098.5,0.068,BTCUSDT
2025-09-30 00:29:10.404,114098.4,0.001,BTCUSDT
2025-09-30 00:29:10.682,114098.4,0.006,BTCUSDT
2025-09-30 00:29:10.878,114098.5,0.032,BTCUSDT
2025-09-30 00:29:10.878,114098.5,0.016,BTCUSDT
2025-09-30 00:29:11.644,114098.5,0.021,BTCUSDT
2025-09-30 00:29:11.728,114098.5,0.033,BTCUSDT
2025-09-30 00:29:11.851,114098.5,0.048,BTCUSDT
2025-09-30 00:29:12.004,114098.4,0.021,BTCUSDT
